@article{rose1998deterministic,
  title={Deterministic annealing for clustering, compression, classification, regression, and related optimization problems},
  author={Rose, Kenneth},
  journal={Proceedings of the IEEE},
  volume={86},
  number={11},
  pages={2210--2239},
  year={1998},
  publisher={IEEE}
}

@phdthesis{rose1991deterministic,
  title={Deterministic annealing, clustering, and optimization},
  author={Rose, Kenneth},
  year={1991},
  school={California Institute of Technology}
}